%YAML 1.1
%TAG !u! tag:unity3d.com,2011:
--- !u!1 &1175103753910607519
GameObject:
  m_ObjectHideFlags: 0
  m_CorrespondingSourceObject: {fileID: 0}
  m_PrefabInstance: {fileID: 0}
  m_PrefabAsset: {fileID: 0}
  serializedVersion: 6
  m_Component:
  - component: {fileID: 2466545633612971751}
  - component: {fileID: 2240361231080656112}
  - component: {fileID: 477486197358326943}
  - component: {fileID: 8913096109820711500}
  m_Layer: 0
  m_Name: Visual
  m_TagString: Red
  m_Icon: {fileID: 0}
  m_NavMeshLayer: 0
  m_StaticEditorFlags: 0
  m_IsActive: 1
--- !u!4 &2466545633612971751
Transform:
  m_ObjectHideFlags: 0
  m_CorrespondingSourceObject: {fileID: 0}
  m_PrefabInstance: {fileID: 0}
  m_PrefabAsset: {fileID: 0}
  m_GameObject: {fileID: 1175103753910607519}
  m_LocalRotation: {x: -0, y: -0, z: -0, w: 1}
  m_LocalPosition: {x: 0, y: 0, z: 0}
  m_LocalScale: {x: 1, y: 1, z: 1}
  m_Children: []
  m_Father: {fileID: 1665898328718287193}
  m_RootOrder: 0
  m_LocalEulerAnglesHint: {x: 0, y: 0, z: 0}
--- !u!33 &2240361231080656112
MeshFilter:
  m_ObjectHideFlags: 0
  m_CorrespondingSourceObject: {fileID: 0}
  m_PrefabInstance: {fileID: 0}
  m_PrefabAsset: {fileID: 0}
  m_GameObject: {fileID: 1175103753910607519}
  m_Mesh: {fileID: -3262789968867269347, guid: f92c52fdb9570bb47840b004768fcf9f, type: 3}
--- !u!23 &477486197358326943
MeshRenderer:
  m_ObjectHideFlags: 0
  m_CorrespondingSourceObject: {fileID: 0}
  m_PrefabInstance: {fileID: 0}
  m_PrefabAsset: {fileID: 0}
  m_GameObject: {fileID: 1175103753910607519}
  m_Enabled: 1
  m_CastShadows: 1
  m_ReceiveShadows: 1
  m_DynamicOccludee: 1
  m_MotionVectors: 1
  m_LightProbeUsage: 1
  m_ReflectionProbeUsage: 1
  m_RayTracingMode: 2
  m_RayTraceProcedural: 0
  m_RenderingLayerMask: 1
  m_RendererPriority: 0
  m_Materials:
  - {fileID: 2100000, guid: 3cdd68c90e2ca09458c1fb6830a3e59b, type: 2}
  m_StaticBatchInfo:
    firstSubMesh: 0
    subMeshCount: 0
  m_StaticBatchRoot: {fileID: 0}
  m_ProbeAnchor: {fileID: 0}
  m_LightProbeVolumeOverride: {fileID: 0}
  m_ScaleInLightmap: 1
  m_ReceiveGI: 1
  m_PreserveUVs: 0
  m_IgnoreNormalsForChartDetection: 0
  m_ImportantGI: 0
  m_StitchLightmapSeams: 1
  m_SelectedEditorRenderState: 3
  m_MinimumChartSize: 4
  m_AutoUVMaxDistance: 0.5
  m_AutoUVMaxAngle: 89
  m_LightmapParameters: {fileID: 0}
  m_SortingLayerID: 0
  m_SortingLayer: 0
  m_SortingOrder: 0
  m_AdditionalVertexStreams: {fileID: 0}
--- !u!95 &8913096109820711500
Animator:
  serializedVersion: 3
  m_ObjectHideFlags: 0
  m_CorrespondingSourceObject: {fileID: 0}
  m_PrefabInstance: {fileID: 0}
  m_PrefabAsset: {fileID: 0}
  m_GameObject: {fileID: 1175103753910607519}
  m_Enabled: 1
  m_Avatar: {fileID: 0}
  m_Controller: {fileID: 9100000, guid: 676f7f36fdfd4e048b9b10f3a5f50374, type: 2}
  m_CullingMode: 0
  m_UpdateMode: 0
  m_ApplyRootMotion: 0
  m_LinearVelocityBlending: 0
  m_WarningMessage: 
  m_HasTransformHierarchy: 1
  m_AllowConstantClipSamplingOptimization: 1
  m_KeepAnimatorControllerStateOnDisable: 0
--- !u!1 &1665898328718287173
GameObject:
  m_ObjectHideFlags: 0
  m_CorrespondingSourceObject: {fileID: 0}
  m_PrefabInstance: {fileID: 0}
  m_PrefabAsset: {fileID: 0}
  serializedVersion: 6
  m_Component:
  - component: {fileID: 1665898328718287193}
  - component: {fileID: 5720390184332078818}
  - component: {fileID: 781186442936432901}
  - component: {fileID: 26757594222251369}
  m_Layer: 0
  m_Name: prefab_cube_red
  m_TagString: Red
  m_Icon: {fileID: 0}
  m_NavMeshLayer: 0
  m_StaticEditorFlags: 0
  m_IsActive: 1
--- !u!4 &1665898328718287193
Transform:
  m_ObjectHideFlags: 0
  m_CorrespondingSourceObject: {fileID: 0}
  m_PrefabInstance: {fileID: 0}
  m_PrefabAsset: {fileID: 0}
  m_GameObject: {fileID: 1665898328718287173}
  m_LocalRotation: {x: 0, y: 0, z: 0, w: 1}
  m_LocalPosition: {x: 0, y: 0, z: 0}
  m_LocalScale: {x: 1, y: 1, z: 1}
  m_Children:
  - {fileID: 2466545633612971751}
  m_Father: {fileID: 0}
  m_RootOrder: 0
  m_LocalEulerAnglesHint: {x: 0, y: 0, z: 0}
--- !u!54 &5720390184332078818
Rigidbody:
  m_ObjectHideFlags: 0
  m_CorrespondingSourceObject: {fileID: 0}
  m_PrefabInstance: {fileID: 0}
  m_PrefabAsset: {fileID: 0}
  m_GameObject: {fileID: 1665898328718287173}
  serializedVersion: 2
  m_Mass: 1
  m_Drag: 0
  m_AngularDrag: 0
  m_UseGravity: 0
  m_IsKinematic: 0
  m_Interpolate: 0
  m_Constraints: 0
  m_CollisionDetection: 0
--- !u!65 &781186442936432901
BoxCollider:
  m_ObjectHideFlags: 0
  m_CorrespondingSourceObject: {fileID: 0}
  m_PrefabInstance: {fileID: 0}
  m_PrefabAsset: {fileID: 0}
  m_GameObject: {fileID: 1665898328718287173}
  m_Material: {fileID: 13400000, guid: b1c73b617ba94504baa88d7cf7aede90, type: 2}
  m_IsTrigger: 0
  m_Enabled: 1
  serializedVersion: 2
  m_Size: {x: 0.95, y: 0.95, z: 0.95}
  m_Center: {x: 0, y: 0, z: 0}
--- !u!114 &26757594222251369
MonoBehaviour:
  m_ObjectHideFlags: 0
  m_CorrespondingSourceObject: {fileID: 0}
  m_PrefabInstance: {fileID: 0}
  m_PrefabAsset: {fileID: 0}
  m_GameObject: {fileID: 1665898328718287173}
  m_Enabled: 1
  m_EditorHideFlags: 0
  m_Script: {fileID: 11500000, guid: 952c9ef0fb542e04f921fbd6b50129e4, type: 3}
  m_Name: 
  m_EditorClassIdentifier: 
  inspector:
    drawDebugg: 0
    drawParameters: 1
    drawEvents: 1
    draw1: 0
    draw2: 0
    draw3: 0
    draw4: 0
    draw5: 0
  OnEnableObject:
    m_PersistentCalls:
      m_Calls: []
  OnDisableObject:
    m_PersistentCalls:
      m_Calls: []
  OnDestroyObject:
    m_PersistentCalls:
      m_Calls: []
  beat: {fileID: 11400000, guid: 1c92976f41caa804f970a0362d2b709e, type: 2}
  gameSpeed: {fileID: 11400000, guid: 7648dbe116c9d914798261bee90d5313, type: 2}
  score: {fileID: 11400000, guid: 5633436f469ec28469a9536291bb5b1d, type: 2}
  correctSFX: {fileID: 11400000, guid: 3fa01bd31a407434e8df2b2b2e5fc66c, type: 2}
  incorrectSFX: {fileID: 11400000, guid: 87b2546fd49609b46a76978e3b660bf6, type: 2}
  soundSpatialBlend: 1
  particlesName: Spiky Blast Red
  OnSpawnEvent:
    m_PersistentCalls:
      m_Calls:
      - m_Target: {fileID: 8913096109820711500}
        m_TargetAssemblyTypeName: UnityEngine.Animator, UnityEngine
        m_MethodName: Play
        m_Mode: 5
        m_Arguments:
          m_ObjectArgument: {fileID: 0}
          m_ObjectArgumentAssemblyTypeName: UnityEngine.Object, UnityEngine
          m_IntArgument: 0
          m_FloatArgument: 0
          m_StringArgument: Popup
          m_BoolArgument: 0
        m_CallState: 2
  OnDespawnEvent:
    m_PersistentCalls:
      m_Calls: []
